%YAML 1.1
%TAG !u! tag:unity3d.com,2011:
--- !u!1001 &100100000
Prefab:
  m_ObjectHideFlags: 1
  serializedVersion: 2
  m_Modification:
    m_TransformParent: {fileID: 0}
    m_Modifications: []
    m_RemovedComponents: []
  m_ParentPrefab: {fileID: 0}
  m_RootGameObject: {fileID: 1669496933575396}
  m_IsPrefabParent: 1
--- !u!1 &1132648570692914
GameObject:
  m_ObjectHideFlags: 0
  m_PrefabParentObject: {fileID: 0}
  m_PrefabInternal: {fileID: 100100000}
  serializedVersion: 5
  m_Component:
  - component: {fileID: 4006056168034994}
  - component: {fileID: 212650699883898204}
  - component: {fileID: 65808282509706310}
  - component: {fileID: 54189355646381652}
  - component: {fileID: 114525276087193064}
  - component: {fileID: 114162061911109122}
  m_Layer: 0
  m_Name: Pigeon (1)
  m_TagString: Obstacle
  m_Icon: {fileID: 0}
  m_NavMeshLayer: 0
  m_StaticEditorFlags: 0
  m_IsActive: 1
--- !u!1 &1196081457501418
GameObject:
  m_ObjectHideFlags: 0
  m_PrefabParentObject: {fileID: 0}
  m_PrefabInternal: {fileID: 100100000}
  serializedVersion: 5
  m_Component:
  - component: {fileID: 4030290396026052}
  - component: {fileID: 212051619746645172}
  - component: {fileID: 65402783665910090}
  - component: {fileID: 54567456768616080}
  - component: {fileID: 114707081387313582}
  - component: {fileID: 114632348420623072}
  m_Layer: 0
  m_Name: Pigeon (2)
  m_TagString: Obstacle
  m_Icon: {fileID: 0}
  m_NavMeshLayer: 0
  m_StaticEditorFlags: 0
  m_IsActive: 1
--- !u!1 &1384915577059514
GameObject:
  m_ObjectHideFlags: 0
  m_PrefabParentObject: {fileID: 0}
  m_PrefabInternal: {fileID: 100100000}
  serializedVersion: 5
  m_Component:
  - component: {fileID: 4187484870291484}
  - component: {fileID: 212434993844977272}
  - component: {fileID: 65844631023503270}
  - component: {fileID: 54790903630804122}
  - component: {fileID: 114884489253208608}
  - component: {fileID: 114783658271120690}
  m_Layer: 0
  m_Name: Pigeon (3)
  m_TagString: Obstacle
  m_Icon: {fileID: 0}
  m_NavMeshLayer: 0
  m_StaticEditorFlags: 0
  m_IsActive: 1
--- !u!1 &1490737310031464
GameObject:
  m_ObjectHideFlags: 0
  m_PrefabParentObject: {fileID: 0}
  m_PrefabInternal: {fileID: 100100000}
  serializedVersion: 5
  m_Component:
  - component: {fileID: 4399441969060042}
  - component: {fileID: 212797683652899982}
  - component: {fileID: 65222047524448690}
  - component: {fileID: 54307015251417436}
  - component: {fileID: 114232224646524626}
  - component: {fileID: 114238685514115678}
  m_Layer: 0
  m_Name: Pigeon (4)
  m_TagString: Obstacle
  m_Icon: {fileID: 0}
  m_NavMeshLayer: 0
  m_StaticEditorFlags: 0
  m_IsActive: 1
--- !u!1 &1626394120347508
GameObject:
  m_ObjectHideFlags: 0
  m_PrefabParentObject: {fileID: 0}
  m_PrefabInternal: {fileID: 100100000}
  serializedVersion: 5
  m_Component:
  - component: {fileID: 4306866219014952}
  - component: {fileID: 212543995189430614}
  - component: {fileID: 65092318882860262}
  - component: {fileID: 54591479937025940}
  - component: {fileID: 114905015143588160}
  - component: {fileID: 114283445526204898}
  m_Layer: 0
  m_Name: Pigeon
  m_TagString: Obstacle
  m_Icon: {fileID: 0}
  m_NavMeshLayer: 0
  m_StaticEditorFlags: 0
  m_IsActive: 1
--- !u!1 &1669496933575396
GameObject:
  m_ObjectHideFlags: 0
  m_PrefabParentObject: {fileID: 0}
  m_PrefabInternal: {fileID: 100100000}
  serializedVersion: 5
  m_Component:
  - component: {fileID: 4797529726453756}
  m_Layer: 0
  m_Name: Pigeon Lane
  m_TagString: Untagged
  m_Icon: {fileID: 0}
  m_NavMeshLayer: 0
  m_StaticEditorFlags: 0
  m_IsActive: 1
--- !u!4 &4006056168034994
Transform:
  m_ObjectHideFlags: 1
  m_PrefabParentObject: {fileID: 0}
  m_PrefabInternal: {fileID: 100100000}
  m_GameObject: {fileID: 1132648570692914}
  m_LocalRotation: {x: -0, y: -0, z: -0, w: 1}
  m_LocalPosition: {x: 0.049999982, y: 0, z: -139.85}
  m_LocalScale: {x: 0.08, y: 0.08, z: 1}
  m_Children: []
  m_Father: {fileID: 4797529726453756}
  m_RootOrder: 1
  m_LocalEulerAnglesHint: {x: 0, y: 0, z: 0}
--- !u!4 &4030290396026052
Transform:
  m_ObjectHideFlags: 1
  m_PrefabParentObject: {fileID: 0}
  m_PrefabInternal: {fileID: 100100000}
  m_GameObject: {fileID: 1196081457501418}
  m_LocalRotation: {x: -0, y: -0, z: -0, w: 1}
  m_LocalPosition: {x: -1.12, y: 0, z: -140.01}
  m_LocalScale: {x: 0.08, y: 0.08, z: 1}
  m_Children: []
  m_Father: {fileID: 4797529726453756}
  m_RootOrder: 2
  m_LocalEulerAnglesHint: {x: 0, y: 0, z: 0}
--- !u!4 &4187484870291484
Transform:
  m_ObjectHideFlags: 1
  m_PrefabParentObject: {fileID: 0}
  m_PrefabInternal: {fileID: 100100000}
  m_GameObject: {fileID: 1384915577059514}
  m_LocalRotation: {x: -0, y: -0, z: -0, w: 1}
  m_LocalPosition: {x: -3.41, y: 0, z: -140.63}
  m_LocalScale: {x: 0.08, y: 0.08, z: 1}
  m_Children: []
  m_Father: {fileID: 4797529726453756}
  m_RootOrder: 3
  m_LocalEulerAnglesHint: {x: 0, y: 0, z: 0}
--- !u!4 &4306866219014952
Transform:
  m_ObjectHideFlags: 1
  m_PrefabParentObject: {fileID: 0}
  m_PrefabInternal: {fileID: 100100000}
  m_GameObject: {fileID: 1626394120347508}
  m_LocalRotation: {x: -0, y: -0, z: -0, w: 1}
  m_LocalPosition: {x: -0.53, y: 0, z: -140.85}
  m_LocalScale: {x: 0.08, y: 0.08, z: 1}
  m_Children: []
  m_Father: {fileID: 4797529726453756}
  m_RootOrder: 0
  m_LocalEulerAnglesHint: {x: 0, y: 0, z: 0}
--- !u!4 &4399441969060042
Transform:
  m_ObjectHideFlags: 1
  m_PrefabParentObject: {fileID: 0}
  m_PrefabInternal: {fileID: 100100000}
  m_GameObject: {fileID: 1490737310031464}
  m_LocalRotation: {x: -0, y: -0, z: -0, w: 1}
  m_LocalPosition: {x: -3.89, y: 0, z: -139.5}
  m_LocalScale: {x: 0.08, y: 0.08, z: 1}
  m_Children: []
  m_Father: {fileID: 4797529726453756}
  m_RootOrder: 4
  m_LocalEulerAnglesHint: {x: 0, y: 0, z: 0}
--- !u!4 &4797529726453756
Transform:
  m_ObjectHideFlags: 1
  m_PrefabParentObject: {fileID: 0}
  m_PrefabInternal: {fileID: 100100000}
  m_GameObject: {fileID: 1669496933575396}
  m_LocalRotation: {x: 0, y: 0, z: 0, w: 1}
  m_LocalPosition: {x: 2.162808, y: 1.25, z: 150.32}
  m_LocalScale: {x: 1, y: 1, z: 1}
  m_Children:
  - {fileID: 4306866219014952}
  - {fileID: 4006056168034994}
  - {fileID: 4030290396026052}
  - {fileID: 4187484870291484}
  - {fileID: 4399441969060042}
  m_Father: {fileID: 0}
  m_RootOrder: 0
  m_LocalEulerAnglesHint: {x: 0, y: 0, z: 0}
--- !u!54 &54189355646381652
Rigidbody:
  m_ObjectHideFlags: 1
  m_PrefabParentObject: {fileID: 0}
  m_PrefabInternal: {fileID: 100100000}
  m_GameObject: {fileID: 1132648570692914}
  serializedVersion: 2
  m_Mass: 1
  m_Drag: 0
  m_AngularDrag: 0.05
  m_UseGravity: 1
  m_IsKinematic: 0
  m_Interpolate: 0
  m_Constraints: 112
  m_CollisionDetection: 0
--- !u!54 &54307015251417436
Rigidbody:
  m_ObjectHideFlags: 1
  m_PrefabParentObject: {fileID: 0}
  m_PrefabInternal: {fileID: 100100000}
  m_GameObject: {fileID: 1490737310031464}
  serializedVersion: 2
  m_Mass: 1
  m_Drag: 0
  m_AngularDrag: 0.05
  m_UseGravity: 1
  m_IsKinematic: 0
  m_Interpolate: 0
  m_Constraints: 112
  m_CollisionDetection: 0
--- !u!54 &54567456768616080
Rigidbody:
  m_ObjectHideFlags: 1
  m_PrefabParentObject: {fileID: 0}
  m_PrefabInternal: {fileID: 100100000}
  m_GameObject: {fileID: 1196081457501418}
  serializedVersion: 2
  m_Mass: 1
  m_Drag: 0
  m_AngularDrag: 0.05
  m_UseGravity: 1
  m_IsKinematic: 0
  m_Interpolate: 0
  m_Constraints: 112
  m_CollisionDetection: 0
--- !u!54 &54591479937025940
Rigidbody:
  m_ObjectHideFlags: 1
  m_PrefabParentObject: {fileID: 0}
  m_PrefabInternal: {fileID: 100100000}
  m_GameObject: {fileID: 1626394120347508}
  serializedVersion: 2
  m_Mass: 1
  m_Drag: 0
  m_AngularDrag: 0.05
  m_UseGravity: 1
  m_IsKinematic: 0
  m_Interpolate: 0
  m_Constraints: 112
  m_CollisionDetection: 0
--- !u!54 &54790903630804122
Rigidbody:
  m_ObjectHideFlags: 1
  m_PrefabParentObject: {fileID: 0}
  m_PrefabInternal: {fileID: 100100000}
  m_GameObject: {fileID: 1384915577059514}
  serializedVersion: 2
  m_Mass: 1
  m_Drag: 0
  m_AngularDrag: 0.05
  m_UseGravity: 1
  m_IsKinematic: 0
  m_Interpolate: 0
  m_Constraints: 112
  m_CollisionDetection: 0
--- !u!65 &65092318882860262
BoxCollider:
  m_ObjectHideFlags: 1
  m_PrefabParentObject: {fileID: 0}
  m_PrefabInternal: {fileID: 100100000}
  m_GameObject: {fileID: 1626394120347508}
  m_Material: {fileID: 13400000, guid: e1228c32ae6c02541af733c3ed02c8eb, type: 2}
  m_IsTrigger: 0
  m_Enabled: 1
  serializedVersion: 2
  m_Size: {x: 10, y: 8, z: 0.1}
  m_Center: {x: 0, y: 0, z: 0}
--- !u!65 &65222047524448690
BoxCollider:
  m_ObjectHideFlags: 1
  m_PrefabParentObject: {fileID: 0}
  m_PrefabInternal: {fileID: 100100000}
  m_GameObject: {fileID: 1490737310031464}
  m_Material: {fileID: 13400000, guid: e1228c32ae6c02541af733c3ed02c8eb, type: 2}
  m_IsTrigger: 0
  m_Enabled: 1
  serializedVersion: 2
  m_Size: {x: 10, y: 8, z: 0.1}
  m_Center: {x: 0, y: 0, z: 0}
--- !u!65 &65402783665910090
BoxCollider:
  m_ObjectHideFlags: 1
  m_PrefabParentObject: {fileID: 0}
  m_PrefabInternal: {fileID: 100100000}
  m_GameObject: {fileID: 1196081457501418}
  m_Material: {fileID: 13400000, guid: e1228c32ae6c02541af733c3ed02c8eb, type: 2}
  m_IsTrigger: 0
  m_Enabled: 1
  serializedVersion: 2
  m_Size: {x: 10, y: 8, z: 0.1}
  m_Center: {x: 0, y: 0, z: 0}
--- !u!65 &65808282509706310
BoxCollider:
  m_ObjectHideFlags: 1
  m_PrefabParentObject: {fileID: 0}
  m_PrefabInternal: {fileID: 100100000}
  m_GameObject: {fileID: 1132648570692914}
  m_Material: {fileID: 13400000, guid: e1228c32ae6c02541af733c3ed02c8eb, type: 2}
  m_IsTrigger: 0
  m_Enabled: 1
  serializedVersion: 2
  m_Size: {x: 10, y: 8, z: 0.1}
  m_Center: {x: 0, y: 0, z: 0}
--- !u!65 &65844631023503270
BoxCollider:
  m_ObjectHideFlags: 1
  m_PrefabParentObject: {fileID: 0}
  m_PrefabInternal: {fileID: 100100000}
  m_GameObject: {fileID: 1384915577059514}
  m_Material: {fileID: 13400000, guid: e1228c32ae6c02541af733c3ed02c8eb, type: 2}
  m_IsTrigger: 0
  m_Enabled: 1
  serializedVersion: 2
  m_Size: {x: 10, y: 8, z: 0.1}
  m_Center: {x: 0, y: 0, z: 0}
--- !u!114 &114162061911109122
MonoBehaviour:
  m_ObjectHideFlags: 1
  m_PrefabParentObject: {fileID: 0}
  m_PrefabInternal: {fileID: 100100000}
  m_GameObject: {fileID: 1132648570692914}
  m_Enabled: 1
  m_EditorHideFlags: 0
  m_Script: {fileID: 11500000, guid: e44c0ccb9ce50e44496f284f1868413a, type: 3}
  m_Name: 
  m_EditorClassIdentifier: 
  sprite1: {fileID: 21300000, guid: 7422e00395845224bb1e399aa087e445, type: 3}
  sprite2: {fileID: 21300000, guid: 03c93debd8588c34bb0016ecff7c8976, type: 3}
  sprite3: {fileID: 21300000, guid: df8d9f2d985f7194198dfd4c4bed6c7f, type: 3}
  sprite4: {fileID: 21300000, guid: a984d3dbb35d0784a8f921756eb065bb, type: 3}
  loopPosition: 5
  speed: 5
  direction: -1
--- !u!114 &114232224646524626
MonoBehaviour:
  m_ObjectHideFlags: 1
  m_PrefabParentObject: {fileID: 0}
  m_PrefabInternal: {fileID: 100100000}
  m_GameObject: {fileID: 1490737310031464}
  m_Enabled: 1
  m_EditorHideFlags: 0
  m_Script: {fileID: 11500000, guid: 90ddc84a65edbbe4ab8cfda8351e71f8, type: 3}
  m_Name: 
  m_EditorClassIdentifier: 
  forceAmount: 18
--- !u!114 &114238685514115678
MonoBehaviour:
  m_ObjectHideFlags: 1
  m_PrefabParentObject: {fileID: 0}
  m_PrefabInternal: {fileID: 100100000}
  m_GameObject: {fileID: 1490737310031464}
  m_Enabled: 1
  m_EditorHideFlags: 0
  m_Script: {fileID: 11500000, guid: e44c0ccb9ce50e44496f284f1868413a, type: 3}
  m_Name: 
  m_EditorClassIdentifier: 
  sprite1: {fileID: 21300000, guid: 7422e00395845224bb1e399aa087e445, type: 3}
  sprite2: {fileID: 21300000, guid: 03c93debd8588c34bb0016ecff7c8976, type: 3}
  sprite3: {fileID: 21300000, guid: df8d9f2d985f7194198dfd4c4bed6c7f, type: 3}
  sprite4: {fileID: 21300000, guid: a984d3dbb35d0784a8f921756eb065bb, type: 3}
  loopPosition: 5
  speed: 5
  direction: -1
--- !u!114 &114283445526204898
MonoBehaviour:
  m_ObjectHideFlags: 1
  m_PrefabParentObject: {fileID: 0}
  m_PrefabInternal: {fileID: 100100000}
  m_GameObject: {fileID: 1626394120347508}
  m_Enabled: 1
  m_EditorHideFlags: 0
  m_Script: {fileID: 11500000, guid: e44c0ccb9ce50e44496f284f1868413a, type: 3}
  m_Name: 
  m_EditorClassIdentifier: 
  sprite1: {fileID: 21300000, guid: 7422e00395845224bb1e399aa087e445, type: 3}
  sprite2: {fileID: 21300000, guid: 03c93debd8588c34bb0016ecff7c8976, type: 3}
  sprite3: {fileID: 21300000, guid: df8d9f2d985f7194198dfd4c4bed6c7f, type: 3}
  sprite4: {fileID: 21300000, guid: a984d3dbb35d0784a8f921756eb065bb, type: 3}
  loopPosition: 5
  speed: 5
  direction: -1
--- !u!114 &114525276087193064
MonoBehaviour:
  m_ObjectHideFlags: 1
  m_PrefabParentObject: {fileID: 0}
  m_PrefabInternal: {fileID: 100100000}
  m_GameObject: {fileID: 1132648570692914}
  m_Enabled: 1
  m_EditorHideFlags: 0
  m_Script: {fileID: 11500000, guid: 90ddc84a65edbbe4ab8cfda8351e71f8, type: 3}
  m_Name: 
  m_EditorClassIdentifier: 
  forceAmount: 18
--- !u!114 &114632348420623072
MonoBehaviour:
  m_ObjectHideFlags: 1
  m_PrefabParentObject: {fileID: 0}
  m_PrefabInternal: {fileID: 100100000}
  m_GameObject: {fileID: 1196081457501418}
  m_Enabled: 1
  m_EditorHideFlags: 0
  m_Script: {fileID: 11500000, guid: e44c0ccb9ce50e44496f284f1868413a, type: 3}
  m_Name: 
  m_EditorClassIdentifier: 
  sprite1: {fileID: 21300000, guid: 7422e00395845224bb1e399aa087e445, type: 3}
  sprite2: {fileID: 21300000, guid: 03c93debd8588c34bb0016ecff7c8976, type: 3}
  sprite3: {fileID: 21300000, guid: df8d9f2d985f7194198dfd4c4bed6c7f, type: 3}
  sprite4: {fileID: 21300000, guid: a984d3dbb35d0784a8f921756eb065bb, type: 3}
  loopPosition: 5
  speed: 5
  direction: -1
--- !u!114 &114707081387313582
MonoBehaviour:
  m_ObjectHideFlags: 1
  m_PrefabParentObject: {fileID: 0}
  m_PrefabInternal: {fileID: 100100000}
  m_GameObject: {fileID: 1196081457501418}
  m_Enabled: 1
  m_EditorHideFlags: 0
  m_Script: {fileID: 11500000, guid: 90ddc84a65edbbe4ab8cfda8351e71f8, type: 3}
  m_Name: 
  m_EditorClassIdentifier: 
  forceAmount: 18
--- !u!114 &114783658271120690
MonoBehaviour:
  m_ObjectHideFlags: 1
  m_PrefabParentObject: {fileID: 0}
  m_PrefabInternal: {fileID: 100100000}
  m_GameObject: {fileID: 1384915577059514}
  m_Enabled: 1
  m_EditorHideFlags: 0
  m_Script: {fileID: 11500000, guid: e44c0ccb9ce50e44496f284f1868413a, type: 3}
  m_Name: 
  m_EditorClassIdentifier: 
  sprite1: {fileID: 21300000, guid: 7422e00395845224bb1e399aa087e445, type: 3}
  sprite2: {fileID: 21300000, guid: 03c93debd8588c34bb0016ecff7c8976, type: 3}
  sprite3: {fileID: 21300000, guid: df8d9f2d985f7194198dfd4c4bed6c7f, type: 3}
  sprite4: {fileID: 21300000, guid: a984d3dbb35d0784a8f921756eb065bb, type: 3}
  loopPosition: 5
  speed: 5
  direction: -1
--- !u!114 &114884489253208608
MonoBehaviour:
  m_ObjectHideFlags: 1
  m_PrefabParentObject: {fileID: 0}
  m_PrefabInternal: {fileID: 100100000}
  m_GameObject: {fileID: 1384915577059514}
  m_Enabled: 1
  m_EditorHideFlags: 0
  m_Script: {fileID: 11500000, guid: 90ddc84a65edbbe4ab8cfda8351e71f8, type: 3}
  m_Name: 
  m_EditorClassIdentifier: 
  forceAmount: 18
--- !u!114 &114905015143588160
MonoBehaviour:
  m_ObjectHideFlags: 1
  m_PrefabParentObject: {fileID: 0}
  m_PrefabInternal: {fileID: 100100000}
  m_GameObject: {fileID: 1626394120347508}
  m_Enabled: 1
  m_EditorHideFlags: 0
  m_Script: {fileID: 11500000, guid: 90ddc84a65edbbe4ab8cfda8351e71f8, type: 3}
  m_Name: 
  m_EditorClassIdentifier: 
  forceAmount: 18
--- !u!212 &212051619746645172
SpriteRenderer:
  m_ObjectHideFlags: 1
  m_PrefabParentObject: {fileID: 0}
  m_PrefabInternal: {fileID: 100100000}
  m_GameObject: {fileID: 1196081457501418}
  m_Enabled: 1
  m_CastShadows: 0
  m_ReceiveShadows: 0
  m_DynamicOccludee: 1
  m_MotionVectors: 1
  m_LightProbeUsage: 1
  m_ReflectionProbeUsage: 1
  m_Materials:
  - {fileID: 10754, guid: 0000000000000000f000000000000000, type: 0}
  m_StaticBatchInfo:
    firstSubMesh: 0
    subMeshCount: 0
  m_StaticBatchRoot: {fileID: 0}
  m_ProbeAnchor: {fileID: 0}
  m_LightProbeVolumeOverride: {fileID: 0}
  m_ScaleInLightmap: 1
  m_PreserveUVs: 0
  m_IgnoreNormalsForChartDetection: 0
  m_ImportantGI: 0
  m_StitchLightmapSeams: 0
  m_SelectedEditorRenderState: 0
  m_MinimumChartSize: 4
  m_AutoUVMaxDistance: 0.5
  m_AutoUVMaxAngle: 89
  m_LightmapParameters: {fileID: 0}
  m_SortingLayerID: 0
  m_SortingLayer: 0
  m_SortingOrder: 0
  m_Sprite: {fileID: 21300000, guid: df8d9f2d985f7194198dfd4c4bed6c7f, type: 3}
  m_Color: {r: 1, g: 1, b: 1, a: 1}
  m_FlipX: 0
  m_FlipY: 0
  m_DrawMode: 0
  m_Size: {x: 20.48, y: 30}
  m_AdaptiveModeThreshold: 0.5
  m_SpriteTileMode: 0
  m_WasSpriteAssigned: 1
  m_MaskInteraction: 0
--- !u!212 &212434993844977272
SpriteRenderer:
  m_ObjectHideFlags: 1
  m_PrefabParentObject: {fileID: 0}
  m_PrefabInternal: {fileID: 100100000}
  m_GameObject: {fileID: 1384915577059514}
  m_Enabled: 1
  m_CastShadows: 0
  m_ReceiveShadows: 0
  m_DynamicOccludee: 1
  m_MotionVectors: 1
  m_LightProbeUsage: 1
  m_ReflectionProbeUsage: 1
  m_Materials:
  - {fileID: 10754, guid: 0000000000000000f000000000000000, type: 0}
  m_StaticBatchInfo:
    firstSubMesh: 0
    subMeshCount: 0
  m_StaticBatchRoot: {fileID: 0}
  m_ProbeAnchor: {fileID: 0}
  m_LightProbeVolumeOverride: {fileID: 0}
  m_ScaleInLightmap: 1
  m_PreserveUVs: 0
  m_IgnoreNormalsForChartDetection: 0
  m_ImportantGI: 0
  m_StitchLightmapSeams: 0
  m_SelectedEditorRenderState: 0
  m_MinimumChartSize: 4
  m_AutoUVMaxDistance: 0.5
  m_AutoUVMaxAngle: 89
  m_LightmapParameters: {fileID: 0}
  m_SortingLayerID: 0
  m_SortingLayer: 0
  m_SortingOrder: 0
  m_Sprite: {fileID: 21300000, guid: a984d3dbb35d0784a8f921756eb065bb, type: 3}
  m_Color: {r: 1, g: 1, b: 1, a: 1}
  m_FlipX: 0
  m_FlipY: 0
  m_DrawMode: 0
  m_Size: {x: 20.48, y: 30}
  m_AdaptiveModeThreshold: 0.5
  m_SpriteTileMode: 0
  m_WasSpriteAssigned: 1
  m_MaskInteraction: 0
--- !u!212 &212543995189430614
SpriteRenderer:
  m_ObjectHideFlags: 1
  m_PrefabParentObject: {fileID: 0}
  m_PrefabInternal: {fileID: 100100000}
  m_GameObject: {fileID: 1626394120347508}
  m_Enabled: 1
  m_CastShadows: 0
  m_ReceiveShadows: 0
  m_DynamicOccludee: 1
  m_MotionVectors: 1
  m_LightProbeUsage: 1
  m_ReflectionProbeUsage: 1
  m_Materials:
  - {fileID: 10754, guid: 0000000000000000f000000000000000, type: 0}
  m_StaticBatchInfo:
    firstSubMesh: 0
    subMeshCount: 0
  m_StaticBatchRoot: {fileID: 0}
  m_ProbeAnchor: {fileID: 0}
  m_LightProbeVolumeOverride: {fileID: 0}
  m_ScaleInLightmap: 1
  m_PreserveUVs: 0
  m_IgnoreNormalsForChartDetection: 0
  m_ImportantGI: 0
  m_StitchLightmapSeams: 0
  m_SelectedEditorRenderState: 0
  m_MinimumChartSize: 4
  m_AutoUVMaxDistance: 0.5
  m_AutoUVMaxAngle: 89
  m_LightmapParameters: {fileID: 0}
  m_SortingLayerID: 0
  m_SortingLayer: 0
  m_SortingOrder: 0
  m_Sprite: {fileID: 21300000, guid: 7422e00395845224bb1e399aa087e445, type: 3}
  m_Color: {r: 1, g: 1, b: 1, a: 1}
  m_FlipX: 0
  m_FlipY: 0
  m_DrawMode: 0
  m_Size: {x: 20.48, y: 30}
  m_AdaptiveModeThreshold: 0.5
  m_SpriteTileMode: 0
  m_WasSpriteAssigned: 1
  m_MaskInteraction: 0
--- !u!212 &212650699883898204
SpriteRenderer:
  m_ObjectHideFlags: 1
  m_PrefabParentObject: {fileID: 0}
  m_PrefabInternal: {fileID: 100100000}
  m_GameObject: {fileID: 1132648570692914}
  m_Enabled: 1
  m_CastShadows: 0
  m_ReceiveShadows: 0
  m_DynamicOccludee: 1
  m_MotionVectors: 1
  m_LightProbeUsage: 1
  m_ReflectionProbeUsage: 1
  m_Materials:
  - {fileID: 10754, guid: 0000000000000000f000000000000000, type: 0}
  m_StaticBatchInfo:
    firstSubMesh: 0
    subMeshCount: 0
  m_StaticBatchRoot: {fileID: 0}
  m_ProbeAnchor: {fileID: 0}
  m_LightProbeVolumeOverride: {fileID: 0}
  m_ScaleInLightmap: 1
  m_PreserveUVs: 0
  m_IgnoreNormalsForChartDetection: 0
  m_ImportantGI: 0
  m_StitchLightmapSeams: 0
  m_SelectedEditorRenderState: 0
  m_MinimumChartSize: 4
  m_AutoUVMaxDistance: 0.5
  m_AutoUVMaxAngle: 89
  m_LightmapParameters: {fileID: 0}
  m_SortingLayerID: 0
  m_SortingLayer: 0
  m_SortingOrder: 0
  m_Sprite: {fileID: 21300000, guid: 03c93debd8588c34bb0016ecff7c8976, type: 3}
  m_Color: {r: 1, g: 1, b: 1, a: 1}
  m_FlipX: 0
  m_FlipY: 0
  m_DrawMode: 0
  m_Size: {x: 20.48, y: 30}
  m_AdaptiveModeThreshold: 0.5
  m_SpriteTileMode: 0
  m_WasSpriteAssigned: 1
  m_MaskInteraction: 0
--- !u!212 &212797683652899982
SpriteRenderer:
  m_ObjectHideFlags: 1
  m_PrefabParentObject: {fileID: 0}
  m_PrefabInternal: {fileID: 100100000}
  m_GameObject: {fileID: 1490737310031464}
  m_Enabled: 1
  m_CastShadows: 0
  m_ReceiveShadows: 0
  m_DynamicOccludee: 1
  m_MotionVectors: 1
  m_LightProbeUsage: 1
  m_ReflectionProbeUsage: 1
  m_Materials:
  - {fileID: 10754, guid: 0000000000000000f000000000000000, type: 0}
  m_StaticBatchInfo:
    firstSubMesh: 0
    subMeshCount: 0
  m_StaticBatchRoot: {fileID: 0}
  m_ProbeAnchor: {fileID: 0}
  m_LightProbeVolumeOverride: {fileID: 0}
  m_ScaleInLightmap: 1
  m_PreserveUVs: 0
  m_IgnoreNormalsForChartDetection: 0
  m_ImportantGI: 0
  m_StitchLightmapSeams: 0
  m_SelectedEditorRenderState: 0
  m_MinimumChartSize: 4
  m_AutoUVMaxDistance: 0.5
  m_AutoUVMaxAngle: 89
  m_LightmapParameters: {fileID: 0}
  m_SortingLayerID: 0
  m_SortingLayer: 0
  m_SortingOrder: 0
  m_Sprite: {fileID: 21300000, guid: 7422e00395845224bb1e399aa087e445, type: 3}
  m_Color: {r: 1, g: 1, b: 1, a: 1}
  m_FlipX: 0
  m_FlipY: 0
  m_DrawMode: 0
  m_Size: {x: 20.48, y: 30}
  m_AdaptiveModeThreshold: 0.5
  m_SpriteTileMode: 0
  m_WasSpriteAssigned: 1
  m_MaskInteraction: 0
